@online{extremaMinima,
 author  = "Wikimedia Commons",
 title   = "Extrema example original",
 year    = "2007",
 url     = "https://commons.wikimedia.org/wiki/File:Extrema_example_original.svg"
}

@article{DBLP:journals/corr/abs-1712-09913,
  author    = {Hao Li and
               Zheng Xu and
               Gavin Taylor and
               Tom Goldstein},
  title     = {Visualizing the Loss Landscape of Neural Nets},
  journal   = {CoRR},
  volume    = {abs/1712.09913},
  year      = {2017},
  url       = {http://arxiv.org/abs/1712.09913},
  archivePrefix = {arXiv},
  eprint    = {1712.09913},
  timestamp = {Thu, 04 Jan 2018 12:38:35 +0100},
  biburl    = {https://dblp.org/rec/bib/journals/corr/abs-1712-09913},
  bibsource = {dblp computer science bibliography, https://dblp.org}
}