@inproceedings{goodfellow14,
  author    = {Ian J. Goodfellow and
               Jean Pouget{-}Abadie and
               Mehdi Mirza and
               Bing Xu and
               David Warde{-}Farley and
               Sherjil Ozair and
               Aaron C. Courville and
               Yoshua Bengio},
  title     = {Generative Adversarial Nets},
  booktitle = {Advances in Neural Information Processing Systems 27: Annual Conference
               on Neural Information Processing Systems 2014, December 8-13 2014,
               Montreal, Quebec, Canada},
  pages     = {2672--2680},
  year      = {2014},
  crossref  = {DBLP:conf/nips/2014},
  url       = {http://papers.nips.cc/paper/5423-generative-adversarial-nets},
  timestamp = {Wed, 10 Dec 2014 21:34:12 +0100},
  biburl    = {http://dblp.uni-trier.de/rec/bib/conf/nips/GoodfellowPMXWOCB14},
  bibsource = {dblp computer science bibliography, http://dblp.org}
}
@proceedings{DBLP:conf/nips/2014,
  editor    = {Zoubin Ghahramani and
               Max Welling and
               Corinna Cortes and
               Neil D. Lawrence and
               Kilian Q. Weinberger},
  title     = {Advances in Neural Information Processing Systems 27: Annual Conference
               on Neural Information Processing Systems 2014, December 8-13 2014,
               Montreal, Quebec, Canada},
  year      = {2014},
  url       = {http://papers.nips.cc/book/advances-in-neural-information-processing-systems-27-2014},
  timestamp = {Wed, 10 Dec 2014 21:34:12 +0100},
  biburl    = {http://dblp.uni-trier.de/rec/bib/conf/nips/2014},
  bibsource = {dblp computer science bibliography, http://dblp.org}
}
@article{Radford15,
  author    = {Alec Radford and
               Luke Metz and
               Soumith Chintala},
  title     = {Unsupervised Representation Learning with Deep Convolutional Generative
               Adversarial Networks},
  journal   = {CoRR},
  volume    = {abs/1511.06434},
  year      = {2015},
  url       = {http://arxiv.org/abs/1511.06434},
  timestamp = {Tue, 01 Dec 2015 19:22:34 +0100},
  biburl    = {http://dblp.uni-trier.de/rec/bib/journals/corr/RadfordMC15},
  bibsource = {dblp computer science bibliography, http://dblp.org}
}
@article{Salimans16,
  author    = {Tim Salimans and
               Ian J. Goodfellow and
               Wojciech Zaremba and
               Vicki Cheung and
               Alec Radford and
               Xi Chen},
  title     = {Improved Techniques for Training GANs},
  journal   = {CoRR},
  volume    = {abs/1606.03498},
  year      = {2016},
  url       = {http://arxiv.org/abs/1606.03498},
  timestamp = {Fri, 01 Jul 2016 17:39:49 +0200},
  biburl    = {http://dblp.uni-trier.de/rec/bib/journals/corr/SalimansGZCRC16},
  bibsource = {dblp computer science bibliography, http://dblp.org}
}
@article{Chen16,
  author    = {Xi Chen and
               Yan Duan and
               Rein Houthooft and
               John Schulman and
               Ilya Sutskever and
               Pieter Abbeel},
  title     = {InfoGAN: Interpretable Representation Learning by Information Maximizing
               Generative Adversarial Nets},
  journal   = {CoRR},
  volume    = {abs/1606.03657},
  year      = {2016},
  url       = {http://arxiv.org/abs/1606.03657},
  timestamp = {Fri, 01 Jul 2016 17:39:49 +0200},
  biburl    = {http://dblp.uni-trier.de/rec/bib/journals/corr/ChenDHSSA16},
  bibsource = {dblp computer science bibliography, http://dblp.org}
}
@article{Metz16,
  author    = {Luke Metz and
               Ben Poole and
               David Pfau and
               Jascha Sohl{-}Dickstein},
  title     = {Unrolled Generative Adversarial Networks},
  journal   = {CoRR},
  volume    = {abs/1611.02163},
  year      = {2016},
  url       = {http://arxiv.org/abs/1611.02163},
  timestamp = {Thu, 01 Dec 2016 19:32:08 +0100},
  biburl    = {http://dblp.uni-trier.de/rec/bib/journals/corr/MetzPPS16},
  bibsource = {dblp computer science bibliography, http://dblp.org}
}
@article{Kim17,
  author    = {Taeksoo Kim and
               Moonsu Cha and
               Hyunsoo Kim and
               Jung Kwon Lee and
               Jiwon Kim},
  title     = {Learning to Discover Cross-Domain Relations with Generative Adversarial
               Networks},
  journal   = {CoRR},
  volume    = {abs/1703.05192},
  year      = {2017},
  url       = {http://arxiv.org/abs/1703.05192},
  timestamp = {Mon, 03 Apr 2017 12:41:34 +0200},
  biburl    = {http://dblp.uni-trier.de/rec/bib/journals/corr/KimCKLK17},
  bibsource = {dblp computer science bibliography, http://dblp.org}
}

@article{KingmaW13,
  author    = {Diederik P. Kingma and
               Max Welling},
  title     = {Auto-Encoding Variational Bayes},
  journal   = {CoRR},
  volume    = {abs/1312.6114},
  year      = {2013},
  url       = {http://arxiv.org/abs/1312.6114},
  timestamp = {Wed, 07 Jun 2017 14:40:08 +0200},
  biburl    = {http://dblp.dagstuhl.de/rec/bib/journals/corr/KingmaW13},
  bibsource = {dblp computer science bibliography, http://dblp.org}
}

@article{ArjovskyCB17,
  author    = {Mart{\'{\i}}n Arjovsky and
               Soumith Chintala and
               L{\'{e}}on Bottou},
  title     = {Wasserstein {GAN}},
  journal   = {CoRR},
  volume    = {abs/1701.07875},
  year      = {2017},
  url       = {http://arxiv.org/abs/1701.07875},
  timestamp = {Wed, 07 Jun 2017 14:41:42 +0200},
  biburl    = {http://dblp.dagstuhl.de/rec/bib/journals/corr/ArjovskyCB17},
  bibsource = {dblp computer science bibliography, http://dblp.org}
}

@article{ArjovskyB17,
  author    = {Mart{\'{\i}}n Arjovsky and
               L{\'{e}}on Bottou},
  title     = {Towards Principled Methods for Training Generative Adversarial Networks},
  journal   = {CoRR},
  volume    = {abs/1701.04862},
  year      = {2017},
  url       = {http://arxiv.org/abs/1701.04862},
  timestamp = {Wed, 07 Jun 2017 14:40:42 +0200},
  biburl    = {http://dblp.dagstuhl.de/rec/bib/journals/corr/ArjovskyB17},
  bibsource = {dblp computer science bibliography, http://dblp.org}
}

@article{BellemareDDMLHM17,
  author    = {Marc G. Bellemare and
               Ivo Danihelka and
               Will Dabney and
               Shakir Mohamed and
               Balaji Lakshminarayanan and
               Stephan Hoyer and
               R{\'{e}}mi Munos},
  title     = {The Cramer Distance as a Solution to Biased Wasserstein Gradients},
  journal   = {CoRR},
  volume    = {abs/1705.10743},
  year      = {2017},
  url       = {http://arxiv.org/abs/1705.10743},
  timestamp = {Wed, 07 Jun 2017 14:41:18 +0200},
  biburl    = {http://dblp.uni-trier.de/rec/bib/journals/corr/BellemareDDMLHM17},
  bibsource = {dblp computer science bibliography, http://dblp.org}
}

@article{HeuselRUNKH17,
  author    = {Martin Heusel and
               Hubert Ramsauer and
               Thomas Unterthiner and
               Bernhard Nessler and
               G{\"{u}}nter Klambauer and
               Sepp Hochreiter},
  title     = {GANs Trained by a Two Time-Scale Update Rule Converge to a Nash Equilibrium},
  journal   = {CoRR},
  volume    = {abs/1706.08500},
  year      = {2017},
  url       = {http://arxiv.org/abs/1706.08500},
  timestamp = {Mon, 03 Jul 2017 13:29:02 +0200},
  biburl    = {http://dblp.uni-trier.de/rec/bib/journals/corr/HeuselRUNKH17},
  bibsource = {dblp computer science bibliography, http://dblp.org}
}

@article{MirzaO14,
  author    = {Mehdi Mirza and
               Simon Osindero},
  title     = {Conditional Generative Adversarial Nets},
  journal   = {CoRR},
  volume    = {abs/1411.1784},
  year      = {2014},
  url       = {http://arxiv.org/abs/1411.1784},
  timestamp = {Wed, 07 Jun 2017 14:40:37 +0200},
  biburl    = {http://dblp.uni-trier.de/rec/bib/journals/corr/MirzaO14},
  bibsource = {dblp computer science bibliography, http://dblp.org}
}

@article{GulrajaniImproWgan,
  author    = {Ishaan Gulrajani and
               Faruk Ahmed and
               Mart{\'{\i}}n Arjovsky and
               Vincent Dumoulin and
               Aaron C. Courville},
  title     = {Improved Training of Wasserstein GANs},
  journal   = {CoRR},
  volume    = {abs/1704.00028},
  year      = {2017},
  url       = {http://arxiv.org/abs/1704.00028},
  timestamp = {Wed, 07 Jun 2017 14:42:35 +0200},
  biburl    = {http://dblp.dagstuhl.de/rec/bib/journals/corr/GulrajaniAADC17},
  bibsource = {dblp computer science bibliography, http://dblp.org}
}

@article{AroraZ17,
  author    = {Sanjeev Arora and
               Yi Zhang},
  title     = {Do GANs actually learn the distribution? An empirical study},
  journal   = {CoRR},
  volume    = {abs/1706.08224},
  year      = {2017},
  url       = {http://arxiv.org/abs/1706.08224},
  timestamp = {Mon, 03 Jul 2017 13:29:02 +0200},
  biburl    = {http://dblp.uni-trier.de/rec/bib/journals/corr/AroraZ17},
  bibsource = {dblp computer science bibliography, http://dblp.org}
}

@article{MrouehS17,
  author    = {Youssef Mroueh and
               Tom Sercu},
  title     = {Fisher {GAN}},
  journal   = {CoRR},
  volume    = {abs/1705.09675},
  year      = {2017},
  url       = {http://arxiv.org/abs/1705.09675},
  timestamp = {Wed, 07 Jun 2017 14:40:56 +0200},
  biburl    = {http://dblp.uni-trier.de/rec/bib/journals/corr/MrouehS17},
  bibsource = {dblp computer science bibliography, http://dblp.org}
}

@article{ZhaoML16,
  author    = {Junbo Jake Zhao and
               Micha{\"{e}}l Mathieu and
               Yann LeCun},
  title     = {Energy-based Generative Adversarial Network},
  journal   = {CoRR},
  volume    = {abs/1609.03126},
  year      = {2016},
  url       = {http://arxiv.org/abs/1609.03126},
  timestamp = {Wed, 07 Jun 2017 14:42:59 +0200},
  biburl    = {http://dblp.uni-trier.de/rec/bib/journals/corr/ZhaoML16},
  bibsource = {dblp computer science bibliography, http://dblp.org}
}